<?xml version="1.0" encoding="UTF-8"?><record xmlns="http://www.loc.gov/MARC21/slim" xmlns:cinclude="http://apache.org/cocoon/include/1.0" xmlns:zs="http://www.loc.gov/zing/srw/">
  <leader>00541nz  a2200145n  4500</leader>
  <controlfield tag="001">n  87901550 </controlfield>
  <controlfield tag="003">DLC</controlfield>
  <controlfield tag="005">19871031064302.5</controlfield>
  <controlfield tag="008">870902n| acannaab|          |a aaa ||| c</controlfield>
  <datafield tag="010" ind1=" " ind2=" ">
    <subfield code="a">n  87901550 </subfield>
  </datafield>
  <datafield tag="040" ind1=" " ind2=" ">
    <subfield code="a">NjP</subfield>
    <subfield code="c">DLC</subfield>
  </datafield>
  <datafield tag="100" ind1="1" ind2="0">
    <subfield code="a">Martianoff, Nicholas,</subfield>
    <subfield code="d">1893-</subfield>
  </datafield>
  <datafield tag="400" ind1="1" ind2="0">
    <subfield code="w">nna</subfield>
    <subfield code="a">Martʹi︠a︡nov, Nīkolaĭ Nīkolaevīch,</subfield>
    <subfield code="d">1893-</subfield>
  </datafield>
  <datafield tag="670" ind1=" " ind2=" ">
    <subfield code="a">Almanac, Russian artists in America, 1932:</subfield>
    <subfield code="b">t.p. (Nicholas Martianoff)</subfield>
  </datafield>
  <datafield tag="670" ind1=" " ind2=" ">
    <subfield code="a">LC in RLIN, 8/12/87</subfield>
    <subfield code="b">(hdg.: Martʹi︠a︡nov, Nīkolaĭ Nīkolaevīch, 1893- ; variant: Nicholas Martianoff)</subfield>
  </datafield>
</record>